\%\% self-tuning.bib - contains BiBtex input for bibliography

@Book{ a1_OpticalTesting,
	author = "M. Servin {D. Malacara} and Z. Malacara",
	title = "Interferogram Analysis for Optical Testing",
	publisher = "CRC Press",
	address = "New York",
	year = "2005 (second edition)"
}

@Article{ a2_F&K,
	author = "K. Freischlad and C. L. Koliopoulos",
	title = "Fourier description of digital phase-measuring interferometry",
	journal = "J. Opt. Soc. Am. A Opt Image Sci Vis",
	volume = "7",
	pages = "542",
	year = "1990"
}

@Article{ a3,
	author = "J. C. Estrada J. A. Quiroga J. F. Mosino {M. Servin} and M. Cywiak",
	title = "Noise in phase shifting interferometry",
	journal = "Opt. Express",
	volume = "17",
	pages = "8789--8794",
	year = "2009"
}

@Article{ a4,
	author = "R. Burow K. E. Elssner J. Grzanna R. Spolaczyk {J. Schwider} and K. Merkel",
	title = "Digital wave-front measuring interferometry: some systematic error sources",
	journal = "Appl. Opt.",
	volume = "22",
	pages = "3421",
	year = "1983"
}

@Article{ a5,
	author = "C. Ai and J. C. Wyant",
	title = "Effect of piezoelectric transducer nonlinearity on phase shift interferometry",
	journal = "Appl. Opt.",
	volume = "26",
	pages = "1112--1116",
	year = "1987"
}

@Article{ a6,
	author = "K. Larkin",
	title = "A self-calibrating phase-shifting algorithm based on the natural demodulation of two-dimensional fringe patterns",
	journal = "Opt. Express",
	volume = "9",
	pages = "236--253",
	year = "2001"
}

@Article{ a7,
	author = "Y.-Y. Cheng and J. C. Wyant",
	title = "Phase shifter calibration in phase-shifting interferometry",
	journal = "Appl. Opt.",
	volume = "24",
	pages = "3049--3052",
	year = "1985"
}

@Article{ a8,
	author = "W. R. C. Rowley and J. Hamon",
	title = "Quelques mesures de dyssymetrie de profils spectraux",
	journal = "Rev. Optique",
	volume = "9",
	pages = "519--531",
	year = "1963"
}

@Article{ a9,
	author = "P. Carre",
	title = "Installation et utilisation du comparateur photoelectrique et interferentiel du Bureau International des Poids et Mesures",
	journal = "Metrologia",
	volume = "2",
	pages = "13--23",
	year = "1966"
}

@Article{ a10,
	author = "B. F. Oreb {P. Hariharan} and T. Eiju",
	title = "Digital phase-shifting interferometry: a simple error-compensating phase calculation algorithm",
	journal = "Appl. Opt.",
	volume = "26",
	pages = "2504--2506",
	year = "1987"
}

@Article{ a11,
	author = "Y. Surrel",
	title = "Phase stepping: a new self-calibrating algorithm",
	journal = "Appl. Opt.",
	volume = "32",
	pages = "3598--3600",
	year = ""
}

@Article{ a12,
	author = "M. Servin {J. C. Estrada} and J. A. Quiroga",
	title = "Easy and straightforward construction of wideband phase-shifting algorithms for interferometry",
	journal = "Opt. Lett.",
	volume = "34",
	pages = "413--415",
	year = "2009"
}

@Article{ a13,
	author = "G. Lai and T. Yatagai",
	title = "Generalized phase-shifting interferometry",
	journal = "J. Opt. Soc. Am. A J. Opt. Soc. Am.",
	volume = "8",
	pages = "822--827",
	year = "1991"
}

@Article{ a14,
	author = "I.-B. Kong",
	title = "General algorithm of phase-shifting interferometry by iterative least-squares fitting",
	journal = "Opt. Eng.",
	volume = "34",
	pages = "183",
	year = "1995"
}

@Article{ a15,
	author = "Z. Wang and B. Han",
	title = "Advanced iterative algorithm for phase extraction of randomly phase-shifted interferograms",
	journal = "Opt. Lett.",
	volume = "29",
	pages = "1671--1673",
	year = "2004"
}

@Article{ a16,
	author = "M. Servin {Julio C. Estrada} and J. A. Quiroga",
	title = "A self-tuning phase-shifting algorithm for interferometry",
	journal = "Opt. Express",
	volume = "18",
	pages = "2632--2638",
	year = "2010"
}

@Article{ a17,
	author = "D. J. Bone {K. G. Larkin} and M. a. Oldfield",
	title = "Natural demodulation of two-dimensional fringe patterns. I. General background of the spiral phase quadrature transform",
	journal = "J Opt Soc Am A Opt Image Sci Vis",
	volume = "18",
	pages = "1862--1870",
	year = "2001"
}

@Article{ a18,
	author = "J. E. Figueroa {J. L. Marroquin} and M. Servin",
	title = "Robust quadrature filters",
	journal = "J Opt Soc Am A Opt Image Sci Vis",
	volume = "14",
	pages = "779",
	year = "1997"
}

@Article{ a19,
	author = "M. Servin {J. L. Marroquin} and R. Rodriguez Vera",
	title = "Adaptive quadrature filters for multiple phase-stepping images",
	journal = "Opt. Lett.",
	volume = "23",
	pages = "238--240",
	year = "1998"
}

@Book{ a20,
	author = "B. Jahne",
	title = "Digital Image Processing",
	publisher = "Springer",
	address = "",
	year = "2006"
}

@Book{ a21,
	author = "J. Nocedal and S. JW",
	title = "Numerical Optimization, Operations Research",
	publisher = "Springer",
	address = "",
	year = "2006"
}

@Book{ a23,
	author = "Orlando Medina and Julio C. Estrada",
	title = "Matlab source code: https://sites.google.com/site/juliocestradarico/academic-notes/source-code01",
	publisher = "",
	year = "2011"
}

